<?xml version="1.0" encoding="UTF-8"?>
<collection xmlns:xsi="http://www.w3.org/2001/XMLSchema-instance" xsi:schemaLocation="http://www.loc.gov/MARC21/slim http://www.loc.gov/standards/marcxml/schema/MARC21slim.xsd" xmlns="http://www.loc.gov/MARC21/slim">
<record>
  <leader>01095cam a22002771  4500</leader>
  <controlfield tag="001">3071094</controlfield>
  <controlfield tag="003">NNC</controlfield>
  <controlfield tag="005">20121018201236.0</controlfield>
  <controlfield tag="008">890321s1953    ua            000 0 ara d</controlfield>
  <datafield tag="035" ind1=" " ind2=" ">
    <subfield code="a">(OCoLC)ocm19406168</subfield>
  </datafield>
  <datafield tag="035" ind1=" " ind2=" ">
    <subfield code="9">ATP4052CU</subfield>
  </datafield>
  <datafield tag="035" ind1=" " ind2=" ">
    <subfield code="a">(NNC)3071094</subfield>
  </datafield>
  <datafield tag="040" ind1=" " ind2=" ">
    <subfield code="a">TOK</subfield>
    <subfield code="c">TOK</subfield>
    <subfield code="d">ZCU</subfield>
  </datafield>
  <datafield tag="099" ind1=" " ind2=" ">
    <subfield code="a">893.7F51</subfield>
    <subfield code="a">P</subfield>
  </datafield>
  <datafield tag="100" ind1="1" ind2=" ">
    <subfield code="a">Firkāwī, Maḥmūd ibn Ḥasan ibn Maḥammad.</subfield>
  </datafield>
  <datafield tag="240" ind1="1" ind2="0">
    <subfield code="a">Sharḥ manāzil al-sāʼrīn</subfield>
  </datafield>
  <datafield tag="245" ind1="1" ind2="0">
    <subfield code="a">Commentaire du livre des étapes</subfield>
    <subfield code="b">(composé à la fin du VIIIe/XIVe siècle)</subfield>
    <subfield code="c">[Par] Maḥmūd al-Firkāwī. Édité avec une introduction par S. de Laugier de Beaurecueil.</subfield>
  </datafield>
  <datafield tag="260" ind1=" " ind2=" ">
    <subfield code="a">Le Caire,</subfield>
    <subfield code="b">Impr. de l'IFAO,</subfield>
    <subfield code="c">1953.</subfield>
  </datafield>
  <datafield tag="300" ind1=" " ind2=" ">
    <subfield code="a">34, 153 p.</subfield>
    <subfield code="c">26 cm..</subfield>
  </datafield>
  <datafield tag="490" ind1="1" ind2=" ">
    <subfield code="a">Textes et traductions d'auteurs orientaux ;</subfield>
    <subfield code="v">T. 17</subfield>
  </datafield>
  <datafield tag="490" ind1="1" ind2=" ">
    <subfield code="a">Anṣārīyāt. Série 1 ;</subfield>
    <subfield code="v">T. 1</subfield>
  </datafield>
  <datafield tag="500" ind1=" " ind2=" ">
    <subfield code="a">Text in Arabic.</subfield>
  </datafield>
  <datafield tag="500" ind1=" " ind2=" ">
    <subfield code="a">L'Institute Français d'Archéologie Orientale du Caire, publications. T. 15-17.</subfield>
  </datafield>
  <datafield tag="830" ind1=" " ind2="0">
    <subfield code="a">Textes et traductions d'auteurs orientaux ;</subfield>
    <subfield code="v">T. 17.</subfield>
  </datafield>
  <datafield tag="830" ind1=" " ind2="0">
    <subfield code="a">Anṣārīyāt. Série 1 ;</subfield>
    <subfield code="v">T. 1.</subfield>
  </datafield>
  <datafield tag="955" ind1=" " ind2=" ">
    <subfield code="b">CU58869204</subfield>
    <subfield code="d">off,glx</subfield>
    <subfield code="e">893.7F51 P</subfield>
  </datafield>
</record>
</collection>